<record xmlns="http://www.loc.gov/MARC21/slim" xmlns:xsi="http://www.w3.org/2001/XMLSchema-instance" xsi:schemaLocation="http://www.loc.gov/MARC21/slim http://www.loc.gov/standards/marcxml/schema/MARC21slim.xsd"><leader>     nam a22        4500</leader><controlfield tag="001">3071306</controlfield><controlfield tag="003">NNC</controlfield><controlfield tag="006">m        d        </controlfield><controlfield tag="007">cr cn |||m|||a</controlfield><controlfield tag="008">150316s1949    le      o     000 0 ara d</controlfield><datafield ind1=" " ind2=" " tag="040"><subfield code="a">NNU</subfield><subfield code="b">eng</subfield><subfield code="c">NNU</subfield></datafield><datafield ind1="1" ind2=" " tag="100"><subfield code="a">Farru&#772;kh, &#699;Umar,</subfield><subfield code="d">1906-</subfield></datafield><datafield ind1="1" ind2="0" tag="245"><subfield code="a">&#700;Ibn &#700;al-Ru&#772;mi&#772;</subfield><subfield code="h">[electronic resource] :</subfield><subfield code="b">&#699;Ali&#772; &#700;ibn &#700;al-&#699;Abba&#772;s ibn Jurayh&#803; /</subfield><subfield code="c">ta&#700;li&#772;f &#699;Umar Farru&#772;kh.</subfield></datafield><datafield ind1=" " ind2=" " tag="250"><subfield code="a">&#700;Al-T&#803;ab&#699;ah 2.</subfield></datafield><datafield ind1=" " ind2=" " tag="260"><subfield code="a">Bayru&#772;t :</subfield><subfield code="b">Maktabat Munayminah,</subfield><subfield code="c">1949.</subfield></datafield><datafield ind1=" " ind2=" " tag="300"><subfield code="a">online resource (46 p.)</subfield></datafield><datafield ind1="1" ind2=" " tag="490"><subfield code="a">Dira&#772;sa&#772;t Qas&#803;i&#772;rah fi&#772; &#700;al-&#700;Adab wa-&#700;al-Ta&#772;ri&#772;kh wa-&#700;al-Falsafah ;</subfield><subfield code="v">5</subfield></datafield><datafield ind1=" " ind2=" " tag="500"><subfield code="a">Title on added t.p.: Ibn-ur-Rumi: The zenith of the romantic poetry in the Arabic language.</subfield></datafield><datafield ind1=" " ind2=" " tag="500"><subfield code="a">Part of the Arabic Collections Online (ACO) project, contributed by Columbia University Libraries.</subfield></datafield><datafield ind1=" " ind2=" " tag="533"><subfield code="a">Electronic reproduction.</subfield><subfield code="b">New York, N.Y. :</subfield><subfield code="c">New York University,</subfield><subfield code="d">2015.</subfield><subfield code="5">NNU</subfield></datafield><datafield ind1="0" ind2="0" tag="600"><subfield code="a">Ibn al-Ru&#772;mi&#772;,</subfield><subfield code="d">836-896.</subfield></datafield><datafield ind1="0" ind2="7" tag="600"><subfield code="a">Ibn al-Ru&#772;mi&#772;,</subfield><subfield code="d">836-896.</subfield><subfield code="2">fast</subfield><subfield code="0">(OCoLC)fst00282756</subfield></datafield><datafield ind1="2" ind2=" " tag="710"><subfield code="a">Columbia University.</subfield><subfield code="b">Libraries.</subfield></datafield><datafield ind1="0" ind2=" " tag="730"><subfield code="a">Arabic Collections Online.</subfield></datafield><datafield ind1="0" ind2=" " tag="740"><subfield code="a">Ibn-ur-Rumi: The zenith of the romantic poetry in the Arabic language.</subfield></datafield><datafield ind1="0" ind2="8" tag="776"><subfield code="i">Print version:</subfield><subfield code="a">Farru&#772;kh, &#699;Umar, 1906-</subfield><subfield code="t">&#700;Ibn &#700;al-Ru&#772;mi&#772;</subfield><subfield code="w">(NNC)3071306</subfield><subfield code="w">(OCoLC)264920191</subfield></datafield><datafield ind1="1" ind2=" " tag="800"><subfield code="a">Farru&#772;kh, &#699;Umar,</subfield><subfield code="d">1906-</subfield><subfield code="t">Dira&#772;sa&#772;t qas&#803;i&#772;rah fi&#772; al-adab wa-al-ta&#772;ri&#772;kh wa-al-falsafah ;</subfield><subfield code="v">5.</subfield></datafield><datafield ind1="4" ind2="0" tag="856"><subfield code="u">http://hdl.handle.net/2333.1/7m0cg0z5</subfield></datafield><datafield ind1=" " ind2=" " tag="959"><subfield code="a">NNU</subfield><subfield code="b">WEB</subfield><subfield code="c">GENI</subfield><subfield code="t">0</subfield><subfield code="m">Electronic access</subfield><subfield code="s">01</subfield></datafield><datafield ind1=" " ind2=" " tag="999"><subfield code="i">NNC_3071306</subfield><subfield code="o">(OCoLC)ocn264920191</subfield><subfield code="s">columbia_aco000310</subfield><subfield code="e">(ERROR-880)</subfield></datafield></record>